<record><leader>00000cas a22000007a 4500</leader><controlfield tag="001">18652560</controlfield><controlfield tag="008">881021d19681979mduwr ne      0    0eng d</controlfield><datafield ind1=" " ind2=" " tag="010"><subfield code="a">sn 88065133 </subfield></datafield><datafield ind1=" " ind2=" " tag="040"><subfield code="a">MFN</subfield><subfield code="b">eng</subfield><subfield code="c">MFN</subfield><subfield code="d">OCLCQ</subfield></datafield><datafield ind1=" " ind2=" " tag="042"><subfield code="a">msc</subfield></datafield><datafield ind1=" " ind2="4" tag="050"><subfield code="a">AN41.121.C3</subfield><subfield code="b">T5</subfield></datafield><datafield ind1="0" ind2="4" tag="245"><subfield code="a">The Catonsville times and herald argus-Baltimore countian.</subfield></datafield><datafield ind1=" " ind2=" " tag="260"><subfield code="a">Catonsville, Md. :</subfield><subfield code="b">Stromberg Publications</subfield></datafield><datafield ind1=" " ind2=" " tag="300"><subfield code="a">v.</subfield></datafield><datafield ind1=" " ind2=" " tag="310"><subfield code="a">Weekly</subfield></datafield><datafield ind1="0" ind2=" " tag="362"><subfield code="a">Vol. 87, no. 26 (Apr. 4, 1968)-v. 98, no. 50 (Sept. 5, 1979).</subfield></datafield><datafield ind1=" " ind2=" " tag="752"><subfield code="a">United States</subfield><subfield code="b">Maryland</subfield><subfield code="c">Baltimore</subfield><subfield code="d">Catonsville.</subfield></datafield><datafield ind1="0" ind2="0" tag="780"><subfield code="t">Herald argus and Baltimore countian</subfield><subfield code="w">(DLC)sn 88065128</subfield></datafield><datafield ind1="0" ind2="0" tag="785"><subfield code="t">Catonsville times</subfield><subfield code="x">0748-5263</subfield><subfield code="w">(DLC)sn 84008869</subfield></datafield></record>